<?xml version="1.0" encoding="utf-8"?>
<record xmlns="http://www.loc.gov/MARC21/slim" xmlns:xsi="http://www.w3.org/2001/XMLSchema-instance" xsi:schemaLocation="http://www.loc.gov/MARC21/slim http://www.loc.gov/standards/marcxml/schema/MARC21slim.xsd">
	<leader>     nam a22     Mi 4500</leader>
	<controlfield tag="001">b12677796</controlfield>
	<controlfield tag="003">UaCaAUL</controlfield>
	<controlfield tag="006">m        d        </controlfield>
	<controlfield tag="007">cr cn |||m|||a</controlfield>
	<controlfield tag="008">190222s1955    le      ob    000 0bara d</controlfield>
	<datafield ind1=" " ind2=" " tag="040">
		<subfield code="a">ZYU</subfield>
		<subfield code="b">ara</subfield>
		<subfield code="e">rda</subfield>
		<subfield code="c">ZYU</subfield>
	</datafield>
	<datafield ind1=" " ind2=" " tag="090">
		<subfield code="a">DS37.7</subfield>
		<subfield code="b">.B4x 1955</subfield>
	</datafield>
	<datafield ind1="0" ind2="3" tag="245">
		<subfield code="6">880-01</subfield>
		<subfield code="a">al-Thāʼirūn fī al-tārīkh /</subfield>
		<subfield code="c">taʼlīf Dār al-Ḥikmah ; bi-ishrāf ʻAlī Nāṣir al-Dīn.</subfield>
	</datafield>
	<datafield ind1="3" ind2="3" tag="246">
		<subfield code="6">880-02</subfield>
		<subfield code="a">Udhaynah wa-al-Zabbāʼ .</subfield>
	</datafield>
	<datafield ind1=" " ind2="1" tag="264">
		<subfield code="6">880-03</subfield>
		<subfield code="a">Bayrūt :</subfield>
		<subfield code="b">Dār al-Ḥikmah,</subfield>
		<subfield code="c">[1955]</subfield>
	</datafield>
	<datafield ind1=" " ind2=" " tag="300">
		<subfield code="a">online resource (94 pages)</subfield>
	</datafield>
	<datafield ind1=" " ind2=" " tag="336">
		<subfield code="a">text</subfield>
		<subfield code="2">rdacontent</subfield>
	</datafield>
	<datafield ind1=" " ind2=" " tag="337">
		<subfield code="a">computer</subfield>
		<subfield code="2">rdamedia</subfield>
	</datafield>
	<datafield ind1=" " ind2=" " tag="338">
		<subfield code="a">online resource</subfield>
		<subfield code="2">rdacarrier</subfield>
	</datafield>
	<datafield ind1="1" ind2=" " tag="490">
		<subfield code="6">880-04</subfield>
		<subfield code="a">Thāʼirūn al-ʻArab fī al-tārīkh ;</subfield>
		<subfield code="v">1</subfield>
	</datafield>
	<datafield ind1=" " ind2=" " tag="500">
		<subfield code="a">Introduction dated 1955.</subfield>
	</datafield>
	<datafield ind1=" " ind2=" " tag="500">
		<subfield code="a">Part of the Arabic Collections Online (ACO) project, contributed by American University in Cairo Library.</subfield>
	</datafield>
	<datafield ind1=" " ind2=" " tag="504">
		<subfield code="a">Includes bibliographical references (page 94).</subfield>
	</datafield>
	<datafield ind1=" " ind2=" " tag="533">
		<subfield code="a">Electronic reproduction.</subfield>
		<subfield code="b">New York, N.Y. :</subfield>
		<subfield code="c">New York University,</subfield>
		<subfield code="d">2019.</subfield>
		<subfield code="5">NNU</subfield>
	</datafield>
	<datafield ind1="0" ind2="0" tag="600">
		<subfield code="a">Zenobia,</subfield>
		<subfield code="c">Queen of Palmyra.</subfield>
	</datafield>
	<datafield ind1="0" ind2="7" tag="600">
		<subfield code="a">Zenobia,</subfield>
		<subfield code="c">Queen of Palmyra.</subfield>
		<subfield code="2">fast</subfield>
		<subfield code="0">(OCoLC)fst00103197</subfield>
	</datafield>
	<datafield ind1="1" ind2=" " tag="700">
		<subfield code="6">880-05</subfield>
		<subfield code="a">Nāṣir al-Dīn, ʻAlī,</subfield>
		<subfield code="e">supervisor.</subfield>
	</datafield>
	<datafield ind1="2" ind2=" " tag="710">
		<subfield code="a">American University in Cairo.</subfield>
		<subfield code="b">Library.</subfield>
	</datafield>
	<datafield ind1="0" ind2=" " tag="730">
		<subfield code="a">Arabic Collections Online.</subfield>
	</datafield>
	<datafield ind1="0" ind2="8" tag="776">
		<subfield code="i">Print version:</subfield>
		<subfield code="t">al-Thāʼirūn fī al-tārīkh</subfield>
		<subfield code="w">(UaCaAUL)b12677796</subfield>
		<subfield code="w">(OCoLC)995833003</subfield>
	</datafield>
	<datafield ind1=" " ind2="0" tag="830">
		<subfield code="6">880-06</subfield>
		<subfield code="a">Thāʼirūn al-ʻArab fī al-tārīkh ;</subfield>
		<subfield code="v">1.</subfield>
	</datafield>
	<datafield ind1="4" ind2="0" tag="856">
		<subfield code="u">http://hdl.handle.net/2333.1/dz08kxv0</subfield>
	</datafield>
	<datafield ind1="0" ind2="2" tag="880">
		<subfield code="6">245-01</subfield>
		<subfield code="a">الثائرون في التاريخ /</subfield>
		<subfield code="c">تأليف دار الحكمة ؛ بإشراف علي ناصر الدين.</subfield>
	</datafield>
	<datafield ind1="3" ind2="3" tag="880">
		<subfield code="6">246-02</subfield>
		<subfield code="a">أذينة والزباء .</subfield>
	</datafield>
	<datafield ind1=" " ind2="1" tag="880">
		<subfield code="6">264-03</subfield>
		<subfield code="a">بيروت :</subfield>
		<subfield code="b">دار الحكمة،</subfield>
		<subfield code="c">[1955]</subfield>
	</datafield>
	<datafield ind1="1" ind2=" " tag="880">
		<subfield code="6">490-04</subfield>
		<subfield code="a">ثائرون العرب في التاريخ ؛</subfield>
		<subfield code="v">1</subfield>
	</datafield>
	<datafield ind1="1" ind2=" " tag="880">
		<subfield code="6">700-05</subfield>
		<subfield code="a">ناصر الدين، علي.</subfield>
	</datafield>
	<datafield ind1=" " ind2="0" tag="880">
		<subfield code="6">830-06</subfield>
		<subfield code="a">ثائرون العرب في التاريخ ؛</subfield>
		<subfield code="v">1.</subfield>
	</datafield>
	<datafield ind1=" " ind2=" " tag="959">
		<subfield code="a">NNU</subfield>
		<subfield code="b">WEB</subfield>
		<subfield code="c">GENI</subfield>
		<subfield code="t">0</subfield>
		<subfield code="m">Electronic access</subfield>
		<subfield code="s">01</subfield>
	</datafield>
	<datafield ind1=" " ind2=" " tag="999">
		<subfield code="i">UaCaAUL_b12677796</subfield>
		<subfield code="o">(OCoLC)ocn995833003</subfield>
		<subfield code="s">auc_aco000445</subfield>
	</datafield>
</record>
